<?xml version="1.0" encoding="UTF-8"?><collection xmlns="http://www.loc.gov/MARC21/slim"><record><leader>00556nam--2200157-i-4500</leader><controlfield tag="001">000031317</controlfield><controlfield tag="002">20161230</controlfield><controlfield tag="005">20161230201038</controlfield><controlfield tag="008">060222s1000------------r-----000-0-eng-d</controlfield><datafield ind1=" " ind2=" " tag="040"><subfield code="a">IFIN-HH</subfield></datafield><datafield ind1="1" ind2=" " tag="100"><subfield code="a">Meyer, Richard E</subfield></datafield><datafield ind1="1" ind2="0" tag="245"><subfield code="a">Transition and turbulence</subfield><subfield code="b">Proceedings of a Symposium Conducted by The Mathematics Research Center. The University of Wisconsin-Madison October 13-15, 1980. Publication No. 46</subfield><subfield code="c">Richard E. Meyer (Ed.)</subfield></datafield><datafield ind1=" " ind2=" " tag="260"><subfield code="a">New York, Academic Press, 1981</subfield></datafield><datafield ind1=" " ind2=" " tag="300"><subfield code="a">245 p</subfield></datafield><datafield ind1=" " ind2=" " tag="852"><subfield code="a">70689</subfield><subfield code="c">532</subfield></datafield><datafield ind1=" " ind2=" " tag="CAT"><subfield code="a">Sys</subfield><subfield code="c">20100722</subfield><subfield code="h">144933</subfield></datafield></record></collection>